
@inproceedings{bhatia-14,
	address = {Reykjav\'{i}k, Iceland},
	title = {A unified annotation scheme for the semantic/pragmatic components of definiteness},
	booktitle = {Proc. of {LREC}},
	author = {Bhatia, Archna and Simons, Mandy and Levin, Lori and Tsvetkov, Yulia and Dyer, Chris and Bender, Jordan},
	month = may,
	year = {2014}
},

@inproceedings{reiter-10,
	address = {Uppsala, Sweden},
	title = {Identifying generic noun phrases},
	booktitle = {Proc. of {ACL}},
	author = {Reiter, Nils and Frank, Anette},
	month = jul,
	year = {2010},
	pages = {40--49}
}
